@online{mentalDisorderWiki,
  title = {Mental disorder},
  year  = {2024},
  url   = {https://en.wikipedia.org/wiki/Mental_disorder},
  note  = {Accessed: 2024-09-14}
}

@misc{lonelinessWiki,
  title  = {Loneliness},
  author = {Wikipedia contributors},
  year   = {2024},
  url    = {https://en.wikipedia.org/w/index.php?title=Loneliness&oldid=1244041088},
  note   = {Accessed: 2024-09-14}
}

@article{owid-mental-health,
  author  = {Saloni Dattani and Lucas Rodés-Guirao and Hannah Ritchie and Max Roser},
  title   = {Mental Health},
  journal = {Our World in Data},
  year    = {2023},
  note    = {https://ourworldindata.org/mental-health}
}

@article{owid-loneliness-epidemic,
  author  = {Esteban Ortiz-Ospina},
  title   = {Is there a loneliness epidemic?},
  journal = {Our World in Data},
  year    = {2019},
  note    = {https://ourworldindata.org/loneliness-epidemic}
}

@article{orru2023human,
  title     = {Human-like problem-solving abilities in large language models using ChatGPT},
  author    = {Orr{\`u}, Graziella and Piarulli, Andrea and Conversano, Ciro and Gemignani, Angelo},
  journal   = {Frontiers in artificial intelligence},
  volume    = {6},
  pages     = {1199350},
  year      = {2023},
  publisher = {Frontiers Media SA}
}

@book{elliott2019culture,
  title     = {The culture of AI: Everyday life and the digital revolution},
  author    = {Elliott, Anthony},
  year      = {2019},
  publisher = {Routledge},
  pages     = {XXI}
}

@article{strohmann2023toward,
  title     = {Toward a design theory for virtual companionship},
  author    = {Strohmann, Timo and Siemon, Dominik and Khosrawi-Rad, Bijan and Robra-Bissantz, Susanne},
  journal   = {Human--Computer Interaction},
  volume    = {38},
  number    = {3-4},
  pages     = {194--234},
  year      = {2023},
  publisher = {Taylor \& Francis}
}

@article{odekerken2020mitigating,
  title     = {Mitigating loneliness with companion robots in the COVID-19 pandemic and beyond: an integrative framework and research agenda},
  author    = {Odekerken-Schr{\"o}der, Gaby and Mele, Cristina and Russo-Spena, Tiziana and Mahr, Dominik and Ruggiero, Andrea},
  journal   = {Journal of Service Management},
  volume    = {31},
  number    = {6},
  pages     = {1149--1162},
  year      = {2020},
  publisher = {Emerald Publishing Limited}
}

@article{minerva2023ai,
  title     = {Is AI the future of mental healthcare?},
  author    = {Minerva, Francesca and Giubilini, Alberto},
  journal   = {Topoi},
  volume    = {42},
  number    = {3},
  pages     = {809--817},
  year      = {2023},
  publisher = {Springer}
}

@article{wu2024unveiling,
  title     = {Unveiling security, privacy, and ethical concerns of ChatGPT},
  author    = {Wu, Xiaodong and Duan, Ran and Ni, Jianbing},
  journal   = {Journal of Information and Intelligence},
  volume    = {2},
  number    = {2},
  pages     = {102--115},
  year      = {2024},
  publisher = {Elsevier}
}

@inproceedings{abid2021persistent,
  title     = {Persistent anti-muslim bias in large language models},
  author    = {Abid, Abubakar and Farooqi, Maheen and Zou, James},
  booktitle = {Proceedings of the 2021 AAAI/ACM Conference on AI, Ethics, and Society},
  pages     = {298--306},
  year      = {2021}
}

@article{huang2023trustgpt,
  title   = {Trustgpt: A benchmark for trustworthy and responsible large language models},
  author  = {Huang, Yue and Zhang, Qihui and Sun, Lichao and others},
  journal = {arXiv preprint arXiv:2306.11507},
  year    = {2023}
}

@article{hasal2021chatbots,
  title     = {Chatbots: Security, privacy, data protection, and social aspects},
  author    = {Hasal, Martin and Nowakov{\'a}, Jana and Ahmed Saghair, Khalifa and Abdulla, Hussam and Sn{\'a}{\v{s}}el, V{\'a}clav and Ogiela, Lidia},
  journal   = {Concurrency and Computation: Practice and Experience},
  volume    = {33},
  number    = {19},
  pages     = {e6426},
  year      = {2021},
  publisher = {Wiley Online Library}
}

@inproceedings{huang2023humanity,
  title     = {On the humanity of conversational ai: Evaluating the psychological portrayal of llms},
  author    = {Huang, Jen-tse and Wang, Wenxuan and Li, Eric John and Lam, Man Ho and Ren, Shujie and Yuan, Youliang and Jiao, Wenxiang and Tu, Zhaopeng and Lyu, Michael},
  booktitle = {The Twelfth International Conference on Learning Representations},
  year      = {2023}
}

@article{cheong2022envisioning,
  title   = {Envisioning Legal Mitigations for LLM-based Intentional and Unintentional Harms},
  author  = {Cheong, Inyoung and Caliskan, Aylin and Kohno, Tadayoshi},
  journal = {Administrative Law Journal},
  year    = {2022}
}

@article{marriott2024one,
  title     = {One is the loneliest number… Two can be as bad as one. The influence of AI Friendship Apps on users' well-being and addiction},
  author    = {Marriott, Hannah R and Pitardi, Valentina},
  journal   = {Psychology \& marketing},
  volume    = {41},
  number    = {1},
  pages     = {86--101},
  year      = {2024},
  publisher = {Wiley Online Library}
}
